<record><leader>00000cas a22000007a 4500</leader><controlfield tag="001">24054392</controlfield><controlfield tag="008">910711c19119999nhuwr ne      0    0eng d</controlfield><datafield ind1=" " ind2=" " tag="010"><subfield code="a">sn 91063133 </subfield></datafield><datafield ind1=" " ind2=" " tag="040"><subfield code="a">NVH</subfield><subfield code="b">eng</subfield><subfield code="c">NVH</subfield><subfield code="d">OCL</subfield><subfield code="d">OCLCQ</subfield><subfield code="d">NHM</subfield><subfield code="d">WAU</subfield><subfield code="d">ZYU</subfield><subfield code="d">NHM</subfield><subfield code="d">OCLCQ</subfield><subfield code="d">OCLCF</subfield></datafield><datafield ind1=" " ind2=" " tag="043"><subfield code="a">n-us-nh</subfield></datafield><datafield ind1="0" ind2=" " tag="130"><subfield code="a">New Hampshire (Durham, N.H.)</subfield></datafield><datafield ind1="1" ind2="4" tag="245"><subfield code="a">The New Hampshire.</subfield></datafield><datafield ind1=" " ind2=" " tag="260"><subfield code="a">Durham, N.H. :</subfield><subfield code="b">New Hampshire College Publications</subfield></datafield><datafield ind1=" " ind2=" " tag="300"><subfield code="a">v.</subfield></datafield><datafield ind1=" " ind2=" " tag="310"><subfield code="a">Weekly</subfield></datafield><datafield ind1="0" ind2=" " tag="362"><subfield code="a">Vol. 1, no. 1 (Sept. 20, 1911)-</subfield></datafield><datafield ind1=" " ind2=" " tag="530"><subfield code="a">Issues from May 7, 2003 - also available online.</subfield></datafield><datafield ind1=" " ind2=" " tag="580"><subfield code="a">Continued by the electronic version.</subfield></datafield><datafield ind1="2" ind2="0" tag="610"><subfield code="a">University of New Hampshire</subfield><subfield code="v">Periodicals.</subfield></datafield><datafield ind1=" " ind2="7" tag="655"><subfield code="a">College student newspapers</subfield><subfield code="z">New Hampshire</subfield><subfield code="z">Durham.</subfield><subfield code="2">ngl</subfield></datafield><datafield ind1=" " ind2="7" tag="655"><subfield code="a">Periodicals.</subfield><subfield code="2">fast</subfield><subfield code="0">(OCoLC)fst01411641</subfield></datafield><datafield ind1="2" ind2="7" tag="610"><subfield code="a">University of New Hampshire.</subfield><subfield code="2">fast</subfield><subfield code="0">(OCoLC)fst00529401</subfield></datafield><datafield ind1=" " ind2=" " tag="752"><subfield code="a">United States</subfield><subfield code="b">New Hampshire</subfield><subfield code="c">Rockingham</subfield><subfield code="d">Durham.</subfield></datafield><datafield ind1="1" ind2=" " tag="776"><subfield code="t">New Hampshire (Durham, N.H. : Online)</subfield><subfield code="w">(DLC)  2006249198</subfield><subfield code="w">(OCoLC)57673759</subfield></datafield><datafield ind1="0" ind2="0" tag="785"><subfield code="t">New Hampshire (Durham, N.H. : Online)</subfield><subfield code="w">(DLC)  2006249198</subfield><subfield code="w">(OCoLC)57673759</subfield></datafield></record>